
@thesis{ZolijBsc,
  author      = {Janega, Zoltán},
  institution = {Budapesti Műszaki és Gazdaságtudományi Egyetem Villamosmérnöki és Informatikai Kar},
  month       = {05},
  title       = {Felhasználói profiladat-források integrációja és ellenőrzött adat-átadása külső authorizációhoz},
  type        = {bscthesis},
  year        = {2017},
}

@thesis{AttissBsc,
  author      = {Fábián, Attila},
  institution = {Budapesti Műszaki és Gazdaságtudományi Egyetem Villamosmérnöki és Informatikai Kar},
  month       = {05},
  title       = {Adaptive Digital Compensation of Analog Circuit Imperfections for Cascaded Delta-Sigma Analog-to-Digital Converters},
  type        = {bscthesis},
  year        = {2019},
}

@thesis{MarcselloBsc,
  author      = {Pünkösd, Marcell},
  institution = {Budapesti Műszaki és Gazdaságtudományi Egyetem Villamosmérnöki és Informatikai Kar},
  month       = {12},
  title       = {Adaptive Digital Compensation of Analog Circuit Imperfections for Cascaded Delta-Sigma Analog-to-Digital Converters},
  type        = {phdthesis},
  year        = {2019},
}



@misc{prom,
  author       = {{Prometheus Authors}},
  howpublished = {\url{https://prometheus.io/}},
  title        = {Prometheus - Monitoring system \& time series database (2022.12.09.)},
}
@misc{vm,
  author       = {{VictoriaMetrics}},
  howpublished = {\url{https://victoriametrics.com/}},
  title        = {VictoriaMetrics: Simple \& Reliable Monitoring for Everyone (2022.12.09.)},
}
@misc{vmspeed,
  author       = {{Julien Menan}},
  howpublished = {\url{https://tech.bedrockstreaming.com/2022/09/06/monitoring-at-scale-with-victoriametrics.html}},
  title        = {Monitoring at scale with Victoria Metrics (2022.09.06.)},
}
@misc{elk,
  author       = {{Elasticsearch B.V.}},
  howpublished = {\url{https://www.elastic.co/what-is/elk-stack}},
  title        = {The ELK Stack: From the Creators of Elasticsearch (2022.12.09.)},
}
@misc{lp,
  author       = {{Grafana Labs}},
  howpublished = {\url{https://grafana.com/oss/loki/}},
  title        = {Grafana Loki OSS | Log aggregation system (2022.12.09.)},
}
@misc{g,
  author       = {{Grafana Labs}},
  howpublished = {\url{https://grafana.com/}},
  title        = { Grafana: The open observability platform | Grafana (2022.12.09.)},
}
@misc{k,
  author       = {{The Kubernetes Authors}},
  howpublished = {\url{https://kubernetes.io/}},
  title        = {Kubernetes (2022.12.09.)},
}
